@article{mahn2018high,
  title={High-efficiency optogenetic silencing with soma-targeted anion-conducting channelrhodopsins},
  author={Mahn, Mathias and Gibor, Lihi and Patil, Pritish and Cohen-Kashi Malina, Katayun and Oring, Shir and Printz, Yoav and Levy, Rivka and Lampl, Ilan and Yizhar, Ofer},
  journal={Nature communications},
  volume={9},
  number={1},
  pages={1--15},
  year={2018},
  publisher={Nature Publishing Group}
}

@article{patil2020vivo,
  title={In Vivo Optophysiology Reveals Lateral Inhibition among Layer 1 Interneurons},
  author={Patil, Pritish and Yizhar, Ofer},
  journal={Neuron},
  volume={106},
  number={1},
  pages={14--16},
  year={2020},
  publisher={Elsevier}
}

@article{mahn2021efficient,
  title={Efficient optogenetic silencing of neurotransmitter release with a mosquito rhodopsin},
  author={Mahn, Mathias and Saraf-Sinik, Inbar and Patil, Pritish and Pulin, Mauro and Bitton, Eyal and Karalis, Nikolaos and Bruentgens, Felicitas and Palgi, Shaked and Gat, Asaf and Dine, Julien and others},
  journal={Neuron},
  volume={109},
  number={10},
  pages={1621--1635},
  year={2021},
  publisher={Cell Press}
}

@article{patil2021putative,
  title={Putative role of PV and SOM interneuron subtypes in working memory},
  author={Patil, Pritish and Katkov, Mikhail and Yizhar, Ofer and Tsodyks, Misha},
  journal={bioRxiv},
  year={2021},
  publisher={Cold Spring Harbor Laboratory}
}

@article{ezra2021realistic,
  title={Realistic retinal modeling unravels the differential role of excitation and inhibition to starburst amacrine cells in direction selectivity},
  author={Ezra-Tsur, Elishai and Amsalem, Oren and Ankri, Lea and Patil, Pritish and Segev, Idan and Rivlin-Etzion, Michal},
  journal={PLoS computational biology},
  volume={17},
  number={12},
  pages={e1009754},
  year={2021},
  publisher={Public Library of Science San Francisco, CA USA}
}

@article{printz2021determinants,
  title={Determinants of functional synaptic connectivity among amygdala-projecting prefrontal cortical neurons},
  author={Printz, Yoav and Patil, Pritish and Mahn, Mathias and Benjamin, Asaf and Litvin, Anna and Levy, Rivka and Bringmann, Max and Yizhar, Ofer},
  journal={bioRxiv},
  year={2021},
  publisher={Cold Spring Harbor Laboratory}
}
